[gd_scene load_steps=10 format=2]

[ext_resource path="res://stages/base.tscn" type="PackedScene" id=1]
[ext_resource path="res://tileset/TileMapAuto.tscn" type="PackedScene" id=2]
[ext_resource path="res://entities/actors/player/PlayerWithUmbrella.tscn" type="PackedScene" id=3]
[ext_resource path="res://entities/hazards/death_zone/death_zone.tscn" type="PackedScene" id=4]
[ext_resource path="res://entities/collectables/Coins/coin.tscn" type="PackedScene" id=5]
[ext_resource path="res://entities/collectables/SuperJump/super_jump.tscn" type="PackedScene" id=6]
[ext_resource path="res://entities/platform/Platform.tscn" type="PackedScene" id=7]
[ext_resource path="res://entities/goals/basic_goal/goal.tscn" type="PackedScene" id=8]

[sub_resource type="RectangleShape2D" id=1]

custom_solver_bias = 0.0
extents = Vector2( 375.471, 41.6546 )

[node name="Stage" instance=ExtResource( 1 )]

[node name="Tiles" parent="." index="0"]

editor/display_folded = true

[node name="StartingSpot" parent="Tiles" index="0" instance=ExtResource( 2 )]

modulate = Color( 0.492188, 0.248016, 0.248016, 1 )
tile_data = PoolIntArray( 131071, 0, 1, 65536, 0, 2, 196607, 0, 131073, 131072, 0, 131074, 262143, 0, 131073, 196608, 0, 131074, 196612, 0, 5, 327679, 0, 131073, 262144, 0, 131074, 262148, 0, 65541, 393215, 0, 131073, 327680, 0, 65539, 327681, 0, 65536, 327682, 0, 65536, 327683, 0, 65536, 327684, 0, 11, 458751, 0, 131073, 393216, 0, 196619, 393217, 0, 196619, 393218, 0, 196619, 393219, 0, 196619, 393220, 0, 131074, 524287, 0, 65537, 458752, 0, 131072, 458753, 0, 131072, 458754, 0, 131072, 458755, 0, 131072, 458756, 0, 65538 )

[node name="Platforms" parent="Tiles" index="1" instance=ExtResource( 2 )]

modulate = Color( 0.0449219, 0.26535, 0.5, 1 )
scale = Vector2( 0.5, 0.5 )
tile_data = PoolIntArray( 655372, 0, 196608, 655373, 0, 196610, 655376, 0, 196608, 655377, 0, 196610, 655379, 0, 196608, 655380, 0, 196610 )

[node name="Managers" parent="." index="1"]

editor/display_folded = true

[node name="Entities" parent="." index="2"]

editor/display_folded = true

[node name="PlayerStartingPosition" parent="Entities" index="0"]

position = Vector2( 137.507, 218.537 )
PLAYER_SCN = ExtResource( 3 )

[node name="DeathZone" parent="Entities" index="1" instance=ExtResource( 4 )]

position = Vector2( 648.246, 438.302 )

[node name="CollisionShape2D" type="CollisionShape2D" parent="Entities/DeathZone" index="0"]

shape = SubResource( 1 )
_sections_unfolded = [ "Transform" ]
__meta__ = {
"_edit_lock_": true
}

[node name="coin" parent="Entities" index="2" instance=ExtResource( 5 )]

position = Vector2( 413.748, 294.657 )

[node name="coin2" parent="Entities" index="3" instance=ExtResource( 5 )]

position = Vector2( 541.432, 293.429 )

[node name="SuperJump" parent="Entities" index="4" instance=ExtResource( 6 )]

position = Vector2( 225.6, 304.167 )

[node name="Platform" parent="Entities" index="5" instance=ExtResource( 7 )]

position = Vector2( 96, 223 )

[node name="goal" parent="Entities" index="6" instance=ExtResource( 8 )]

position = Vector2( 640.882, 295.188 )


